<record><leader>00000cas a22000007a 4500</leader><controlfield tag="001">10406085</controlfield><controlfield tag="008">840211d19171942ohuwr ne      0    0eng d</controlfield><datafield ind1=" " ind2=" " tag="010"><subfield code="a">sn 84028097 </subfield></datafield><datafield ind1=" " ind2=" " tag="040"><subfield code="a">NPY</subfield><subfield code="b">eng</subfield><subfield code="c">NPY</subfield><subfield code="d">ONP</subfield><subfield code="d">OCLCQ</subfield></datafield><datafield ind1=" " ind2=" " tag="042"><subfield code="a">msc</subfield></datafield><datafield ind1="0" ind2=" " tag="130"><subfield code="a">Middlefield times (Middlefield, Ohio : 1917)</subfield></datafield><datafield ind1="1" ind2="0" tag="245"><subfield code="a">Middlefield times.</subfield></datafield><datafield ind1="1" ind2="3" tag="246"><subfield code="a">Middlefield Western Reserve times</subfield><subfield code="f">Jan. 26-Mar. 2, 1917</subfield></datafield><datafield ind1=" " ind2=" " tag="260"><subfield code="a">Middlefield, Ohio :</subfield><subfield code="b">H.T. Olds,</subfield><subfield code="c">1917-1942.</subfield></datafield><datafield ind1=" " ind2=" " tag="300"><subfield code="a">23 v. :</subfield><subfield code="b">ill. ;</subfield><subfield code="c">56 cm.</subfield></datafield><datafield ind1=" " ind2=" " tag="310"><subfield code="a">Weekly</subfield></datafield><datafield ind1="0" ind2=" " tag="362"><subfield code="a">Vol. 5, no. 33 (Jan. 26, 1917)-v. 28, no. 48 (Nov. 26, 1942).</subfield></datafield><datafield ind1=" " ind2=" " tag="500"><subfield code="a">Publisher: H.T. Olds, 1917-Sept. 11, 1919; Francis L. Olds, Sept. 18, 1919-1942.</subfield></datafield><datafield ind1=" " ind2=" " tag="500"><subfield code="a">"Republican." Cf. Gutgesell, S. Guide to Ohio newspapers, 1974.</subfield></datafield><datafield ind1=" " ind2=" " tag="515"><subfield code="a">Vol. 6, no. 11 (Aug. 24, 1917) misdated Aug. 42 on masthead.</subfield></datafield><datafield ind1=" " ind2=" " tag="752"><subfield code="a">United States</subfield><subfield code="b">Ohio</subfield><subfield code="c">Geauga</subfield><subfield code="d">Middlefield.</subfield></datafield><datafield ind1="0" ind2="0" tag="780"><subfield code="t">Western Reserve times (Middlefield, Ohio)</subfield><subfield code="w">(DLC)sn 84028096</subfield></datafield><datafield ind1="0" ind2="7" tag="785"><subfield code="t">Geauga leader (Burton, Ohio : 1924)</subfield><subfield code="w">(DLC)sn 84028100</subfield></datafield><datafield ind1="0" ind2="7" tag="785"><subfield code="t">Geauga times-leader (Burton, Ohio)</subfield><subfield code="w">(DLC)sn 84028101</subfield></datafield><datafield ind1="1" ind2=" " tag="029"><subfield code="a">AU@</subfield><subfield code="b">000025791475</subfield></datafield></record>